<record><leader>00000cas a2200000Ia 4500</leader><controlfield tag="001">810936697</controlfield><controlfield tag="007">hd af||||b|c|</controlfield><controlfield tag="008">120924d19uu1947iluwr nea     0   a0eng c</controlfield><datafield ind1=" " ind2=" " tag="010"><subfield code="a">  2012271034</subfield></datafield><datafield ind1=" " ind2=" " tag="040"><subfield code="a">NVF</subfield><subfield code="b">eng</subfield><subfield code="c">NVF</subfield><subfield code="d">NVF</subfield><subfield code="d">OCLCO</subfield><subfield code="d">OCLCF</subfield></datafield><datafield ind1=" " ind2=" " tag="043"><subfield code="a">n-us-il</subfield></datafield><datafield ind1="0" ind2="4" tag="245"><subfield code="a">The Annawan news</subfield><subfield code="h">[microform].</subfield></datafield><datafield ind1="1" ind2="7" tag="246"><subfield code="a">Annawan Ill. news,</subfield><subfield code="f">&lt;Oct. 7, 1926&gt;-&lt;Dec. 29, 1927&gt;</subfield></datafield><datafield ind1="1" ind2="7" tag="246"><subfield code="a">Atkinson news,</subfield><subfield code="f">Aug. 20, 1936-Apr. 15, 1943</subfield></datafield><datafield ind1=" " ind2=" " tag="260"><subfield code="a">Annawan, Ill. :</subfield><subfield code="b">[s.n.]</subfield></datafield><datafield ind1="2" ind2=" " tag="260"><subfield code="3">Oct. 7, 1926-Nov. 15, 1934</subfield><subfield code="a">Annawan, Ill. :</subfield><subfield code="b">J.R. Freddy</subfield></datafield><datafield ind1="2" ind2=" " tag="260"><subfield code="3">Nov. 22, 1934-Apr. 18, 1935</subfield><subfield code="a">Annawan, Ill. :</subfield><subfield code="b">Mike J. Simon</subfield></datafield><datafield ind1="2" ind2=" " tag="260"><subfield code="3">Apr. 25, 1934-&lt;Aug. 19, 1937&gt;</subfield><subfield code="a">Annawan, Ill. :</subfield><subfield code="b">Harry M. Simon</subfield></datafield><datafield ind1="2" ind2=" " tag="260"><subfield code="3">&lt;Sept. 2, 1937&gt;-Dec. 31, 1942</subfield><subfield code="a">Annawan, Ill. :</subfield><subfield code="b">Mrs. James R. Freddy</subfield></datafield><datafield ind1="3" ind2=" " tag="260"><subfield code="3">Jan. 7, 1943-</subfield><subfield code="a">Annawan, Ill. :</subfield><subfield code="b">Mrs. Frances L. Freddy</subfield></datafield><datafield ind1="2" ind2=" " tag="260"><subfield code="3">Nov. 21, 1935-Apr. 15, 1943</subfield><subfield code="a">Atkinson, Ill.</subfield></datafield><datafield ind1="3" ind2=" " tag="260"><subfield code="3">Apr. 22, 1943-</subfield><subfield code="a">Annawan, Ill.</subfield></datafield><datafield ind1=" " ind2=" " tag="300"><subfield code="a">v. :</subfield><subfield code="b">ill., ports.</subfield></datafield><datafield ind1=" " ind2=" " tag="310"><subfield code="a">Weekly</subfield></datafield><datafield ind1="1" ind2=" " tag="362"><subfield code="a">Ceased in 1947.</subfield></datafield><datafield ind1=" " ind2=" " tag="500"><subfield code="a">"The only paper published in the interest of Atkinson and Annawan communities," Nov. 21, 1935-</subfield></datafield><datafield ind1=" " ind2=" " tag="515"><subfield code="a">Various incorrect chronological, vol., and numbering designation.</subfield></datafield><datafield ind1=" " ind2=" " tag="525"><subfield code="a">Issue July 17, 1927 has a supplement; issue May 25, 1933 has a separately dated and numbered supplement with title: Annawan community buyers' guide, Vol. 1, no. 3 (June 9, 1933).</subfield></datafield><datafield ind1=" " ind2=" " tag="533"><subfield code="a">Microfilm.</subfield><subfield code="m">1926-1946.</subfield><subfield code="b">Urbana, Ill. :</subfield><subfield code="c">University of Illinois at Urbana-Champaign,</subfield><subfield code="d">2012.</subfield><subfield code="e">8 microfilm reels: positive ; 35 mm.</subfield><subfield code="n">Issues for Oct. 7, 1926-Dec. 27, 1928 on reel with: Atkinson news, Mar. 3-July 21, 1927.</subfield></datafield><datafield ind1=" " ind2=" " tag="580"><subfield code="a">Published concurrently with companion title: Atkinson news.</subfield></datafield><datafield ind1=" " ind2=" " tag="580"><subfield code="a">Merged with: Atkinson news, to form: Atkinson-Annawan news (Atkinson, Ill. : 1947).</subfield></datafield><datafield ind1=" " ind2=" " tag="588"><subfield code="a">Description based on: Vol. 11, no. 16 (Aug. 4, 1927).</subfield></datafield><datafield ind1=" " ind2=" " tag="588"><subfield code="a">Latest issue consulted: Vol. 32, no. 53 (Dec. 26, 1946).</subfield></datafield><datafield ind1=" " ind2="0" tag="651"><subfield code="a">Annawan (Ill.)</subfield><subfield code="v">Newspapers.</subfield></datafield><datafield ind1=" " ind2="0" tag="651"><subfield code="a">Atkinson (Ill.)</subfield><subfield code="v">Newspapers.</subfield></datafield><datafield ind1=" " ind2="7" tag="655"><subfield code="a">Newspapers.</subfield><subfield code="2">fast</subfield><subfield code="0">(OCoLC)fst01423814</subfield></datafield><datafield ind1=" " ind2="7" tag="651"><subfield code="a">Illinois</subfield><subfield code="z">Annawan.</subfield><subfield code="2">fast</subfield><subfield code="0">(OCoLC)fst01294329</subfield></datafield><datafield ind1=" " ind2="7" tag="651"><subfield code="a">Illinois</subfield><subfield code="z">Atkinson.</subfield><subfield code="2">fast</subfield><subfield code="0">(OCoLC)fst01294328</subfield></datafield><datafield ind1=" " ind2=" " tag="752"><subfield code="a">United States</subfield><subfield code="b">Illinois</subfield><subfield code="c">Henry</subfield><subfield code="d">Annawan.</subfield></datafield><datafield ind1="0" ind2="8" tag="776"><subfield code="i">Print.</subfield><subfield code="t">Annawan news</subfield><subfield code="w">(DLC)sn2044061973</subfield><subfield code="w">(OCoLC)56211996</subfield></datafield><datafield ind1="1" ind2="7" tag="785"><subfield code="t">Atkinson news</subfield><subfield code="w">(DLC)sn2004061972</subfield><subfield code="w">(OCoLC)56211956</subfield></datafield><datafield ind1="1" ind2="7" tag="785"><subfield code="t">Atkinson-Annawan news (Atkinson, Ill. : 1947)</subfield><subfield code="w">(DLC)sn2004061974</subfield><subfield code="w">(OCoLC)56212054</subfield></datafield><datafield ind1="1" ind2=" " tag="787"><subfield code="t">Atkinson news</subfield><subfield code="w">(DLC)sn2004061972</subfield><subfield code="w">(OCoLC)56211956</subfield></datafield></record>